% This file was created with JabRef 2.4.2.
% Encoding: ISO8859_1

@ELECTRONIC{Almanac,
  title = {Osculierende Orbital-Elemente der Planeten},
  url = {http://asa.usno.navy.mil/SecE/Osculating_Elements.html},
  owner = {knauer},
  timestamp = {2010.12.10}
}

@ELECTRONIC{CalSky,
  title = {Astronomiekalender},
  note = {ISS},
  url = {http://www.calsky.com/cs.cgi},
  owner = {knauer},
  timestamp = {2010.12.01}
}

@ELECTRONIC{GTOC,
  title = {Global Trajectory Optimisation Competition},
  url = {http://www.esa.int/gsp/ACT/mad/op/GTOC/index.htm},
  owner = {knauer},
  timestamp = {2011.02.08}
}

@ELECTRONIC{UEMP,
  title = {Updated Ephemerides of Minor Planets},
  url = {http://www.ipa.nw.ru/PAGE/DEPFUND/LSBSS/enguemp.htm},
  owner = {knauer},
  timestamp = {2010.12.10}
}

@ELECTRONIC{UNOOSA,
  title = {Büro der Vereinten Nationen für Weltraumfragen},
  url = {http://www.oosa.unvienna.org/oosa/showSearch.do},
  owner = {knauer},
  timestamp = {2010.12.01}
}

@ELECTRONIC{VSOP87,
  title = {Planetary Solution VSOP87},
  url = {ftp://ftp.imcce.fr/pub/ephem/planets/vsop87/},
  owner = {knauer},
  timestamp = {2010.12.10}
}

@comment{jabref-meta: selector_publisher:}

@comment{jabref-meta: selector_author:}

@comment{jabref-meta: selector_journal:}

@comment{jabref-meta: selector_keywords:}

